<record><leader>00000cas a22000007a 4500</leader><controlfield tag="001">19059573</controlfield><controlfield tag="008">890125d19141970nduwr ne      0    0eng d</controlfield><datafield ind1=" " ind2=" " tag="010"><subfield code="a">sn 88076210 </subfield></datafield><datafield ind1=" " ind2=" " tag="040"><subfield code="a">NOP</subfield><subfield code="b">eng</subfield><subfield code="c">NOP</subfield><subfield code="d">OCLCQ</subfield></datafield><datafield ind1="0" ind2=" " tag="041"><subfield code="a">engger</subfield></datafield><datafield ind1=" " ind2=" " tag="042"><subfield code="a">msc</subfield></datafield><datafield ind1="0" ind2="0" tag="245"><subfield code="a">Beulah independent.</subfield></datafield><datafield ind1=" " ind2=" " tag="260"><subfield code="a">Beulah, Mercer County, N. Dak. :</subfield><subfield code="b">Emil Wiedenmeyer</subfield></datafield><datafield ind1=" " ind2=" " tag="300"><subfield code="a">55 v. :</subfield><subfield code="b">ill. ;</subfield><subfield code="c">55 cm.</subfield></datafield><datafield ind1=" " ind2=" " tag="310"><subfield code="a">Weekly</subfield></datafield><datafield ind1="1" ind2=" " tag="362"><subfield code="a">Began Apr. 25, 1914.</subfield></datafield><datafield ind1="0" ind2=" " tag="362"><subfield code="a">-v. 55, no. 48 (Jan. 21, 1970).</subfield></datafield><datafield ind1=" " ind2=" " tag="515"><subfield code="a">Suspended publication Aug. 22, 1968-Oct. 2, 1969.</subfield></datafield><datafield ind1=" " ind2=" " tag="530"><subfield code="a">Available on microfilm from the State Historical Society of North Dakota.</subfield></datafield><datafield ind1=" " ind2=" " tag="546"><subfield code="a">English with some columns in German.</subfield></datafield><datafield ind1=" " ind2=" " tag="588"><subfield code="a">Description based on: Vol. 1, no. 21 (Sept. 19, 1914).</subfield></datafield><datafield ind1=" " ind2=" " tag="752"><subfield code="a">United States</subfield><subfield code="b">North Dakota</subfield><subfield code="c">Mercer</subfield><subfield code="d">Beulah.</subfield></datafield><datafield ind1="0" ind2="5" tag="780"><subfield code="t">Golden Valley American</subfield><subfield code="w">(DLC)sn 88076214</subfield></datafield><datafield ind1="1" ind2=" " tag="029"><subfield code="a">AU@</subfield><subfield code="b">000025836520</subfield></datafield></record>